<record><leader>00000cas a22000007a 4500</leader><controlfield tag="001">11764544</controlfield><controlfield tag="008">850305d18931918wiuwr ne      0    0eng d</controlfield><datafield ind1=" " ind2=" " tag="010"><subfield code="a">sn 85040211 </subfield></datafield><datafield ind1=" " ind2=" " tag="040"><subfield code="a">NPV</subfield><subfield code="b">eng</subfield><subfield code="c">NPV</subfield><subfield code="d">OCLCQ</subfield></datafield><datafield ind1=" " ind2=" " tag="042"><subfield code="a">msc</subfield></datafield><datafield ind1="0" ind2="0" tag="245"><subfield code="a">Door County democrat.</subfield></datafield><datafield ind1=" " ind2=" " tag="260"><subfield code="a">Sturgeon Bay, Wis. :</subfield><subfield code="b">Pinney &amp; Shepard,</subfield><subfield code="c">1893-1918.</subfield></datafield><datafield ind1=" " ind2=" " tag="300"><subfield code="a">26 v. :</subfield><subfield code="b">ill.</subfield></datafield><datafield ind1=" " ind2=" " tag="310"><subfield code="a">Weekly</subfield></datafield><datafield ind1="0" ind2=" " tag="362"><subfield code="a">Vol. 1, no. 1 (Jan. 28, 1893)-v. 26, no. 32 (July 26, 1918).</subfield></datafield><datafield ind1=" " ind2=" " tag="500"><subfield code="a">Publisher varies.</subfield></datafield><datafield ind1=" " ind2=" " tag="752"><subfield code="a">United States</subfield><subfield code="b">Wisconsin</subfield><subfield code="c">Door</subfield><subfield code="d">Sturgeon Bay.</subfield></datafield><datafield ind1="0" ind2="5" tag="780"><subfield code="t">Democrat (Sturgeon Bay, Wis.)</subfield><subfield code="w">(DLC)sn 85040205</subfield></datafield><datafield ind1="0" ind2="7" tag="785"><subfield code="t">Sturgeon Bay advocate</subfield><subfield code="w">(DLC)sn 86086842</subfield></datafield><datafield ind1="0" ind2="7" tag="785"><subfield code="t">Door County advocate</subfield><subfield code="w">(DLC)sn 84001224</subfield></datafield></record>